<record><leader>00000cas a22000007a 4500</leader><controlfield tag="001">21097085</controlfield><controlfield tag="008">900220d193219uucouwr ne      0    0eng d</controlfield><datafield ind1=" " ind2=" " tag="010"><subfield code="a">sn 90051072 </subfield></datafield><datafield ind1=" " ind2=" " tag="040"><subfield code="a">CNQ</subfield><subfield code="b">eng</subfield><subfield code="c">CNQ</subfield><subfield code="d">OCLCQ</subfield><subfield code="d">COD</subfield></datafield><datafield ind1=" " ind2=" " tag="042"><subfield code="a">msc</subfield></datafield><datafield ind1="0" ind2="4" tag="245"><subfield code="a">The Monte Vista journal with which is consolidated the Monte Vista tribune.</subfield></datafield><datafield ind1="1" ind2=" " tag="246"><subfield code="a">Monte Vista journal</subfield></datafield><datafield ind1="1" ind2="3" tag="246"><subfield code="a">San Luis Valley graphic</subfield></datafield><datafield ind1=" " ind2=" " tag="260"><subfield code="a">Monte Vista, Colo. :</subfield><subfield code="b">James W. Conant</subfield></datafield><datafield ind1=" " ind2=" " tag="300"><subfield code="a">v.</subfield></datafield><datafield ind1=" " ind2=" " tag="310"><subfield code="a">Weekly</subfield></datafield><datafield ind1="1" ind2=" " tag="362"><subfield code="a">Began in 1932?</subfield></datafield><datafield ind1="0" ind2=" " tag="362"><subfield code="a">-v. 47, no. 2247 (Dec. 27, 1935) ; v. 48, no. 1 (Jan. 3, 1936)-</subfield></datafield><datafield ind1=" " ind2=" " tag="530"><subfield code="a">Available on microfilm from the Colorado Historical Society.</subfield></datafield><datafield ind1=" " ind2=" " tag="588"><subfield code="a">Description based on: Vol. 43, no. 2153 (Jan. 6, 1933).</subfield></datafield><datafield ind1=" " ind2=" " tag="588"><subfield code="a">Latest issue consulted: Vol. 58, no. 38 (Sept. 20, 1946).</subfield></datafield><datafield ind1=" " ind2=" " tag="752"><subfield code="a">United States</subfield><subfield code="b">Colorado</subfield><subfield code="c">Rio Grande</subfield><subfield code="d">Monte Vista.</subfield></datafield><datafield ind1="0" ind2="4" tag="780"><subfield code="t">Monte Vista journal (Monte Vista, Colo. : 1925)</subfield><subfield code="w">(DLC)sn 90051071</subfield></datafield><datafield ind1="0" ind2="4" tag="780"><subfield code="t">Monte Vista tribune</subfield><subfield code="w">(DLC)sn 90051065</subfield></datafield><datafield ind1="1" ind2=" " tag="029"><subfield code="a">AU@</subfield><subfield code="b">000025850196</subfield></datafield></record>